@book{camara:08,
    address = {Berlin, Heidelberg},
    author = {C\^{a}mara, Gilberto and Vinhas, L\'{u}bia and Ferreira, Karine R. and Queiroz, Gilberto R. and Souza, Ricardo C. and Monteiro, Ant\^{o}nio M. and Carvalho, Marcelo T. and Casanova, Marco A. and Freitas, Ubirajara M.},
    booktitle = {Open Source Approaches in Spatial Data Handling},
    chapter = {12},
    editor = {Hall, G. Brent and Leahy, Michael G.},
    keywords = {dss, gis, libarary, open\_source, terralib},
    pages = {247--270},
    publisher = {Springer Berlin Heidelberg},
    series = {Advances in Geographic Information Science},
    title = {{TerraLib: An Open Source GIS Library for Large-Scale Environmental and Socio-Economic Applications}},
    volume = {2},
    year = {2008}
}

@misc{camara:01,
  address = {São José dos Campos, INPE},
  author = {C\^{a}mara, G.; Davis, C.; Monteiro, A.M.V.; D'Alge, J.C.},
  title = {{Introdução à Ciência da Geoinformação}},
  organization = {Instituto Nacional de Pesquisas Espaciais - INPE},
  howpublished = "\url{http://www.dpi.inpe.br/gilberto/livro/introd/}",
  volume = {2},
  year = {2001}, 
  note = "[Online; accessed 25-May-2017]"
}

@article{karine:14,
  author  = {FERREIRA, K. R.; OLIVEIRA, A. G.; MONTEIRO, A. M. V.; ALMEIDA, D. B. F. C.}, 
  title   = {{An algebra for spatiotemporal data: from observations to events.}},
  journal = {Transactions in GIS},
  year    = {2014},
  pages   = {253–269},
}

@article{karine:15,
  author  = {Ferreira, K. R., Camara, G., Monteiro, A. M. V.}, 
  title   = {{Temporal GIS and Spatiotemporal Data Sources.}},
  journal = {In: Proceedings of XVI Brazilian Symposium on Geoinformatics (GeoInfo)},
  year    = {2015}
}

@misc{bdqueimadas,
  author = {INPE DGI},
  title = {{Portal do Monitoramento de Queimadas e Incêndios}},
  organization = {INPE - Instituto Nacional de Pesquisas Espaciais},
  howpublished = "\url{http://www.inpe.br/queimadas}",
  year = {2016}, 
  note = "[Online; accessed 25-May-2017]"
}

@misc{qt,
  author = {Company and Development Team Qt},
  title = {{Qt - Software development made smarter}},
  organization = {Qt Company},
  howpublished = "\url{https://www.qt.io/}",
  year = {2017}, 
  note = "[Online; accessed 06-Jun-2017]"
}

@misc{esensing,
  author = {INPE},
  title = {{e-sensing: big Earth observation data analytics for LUCC}},
  organization = {Image Processing Division, INPE},
  howpublished = "\url{http://www.esensing.org/}",
  year = {2016}, 
  note = "[Online; accessed 06-Jun-2017]"
}

@misc{qgis,
  author = {Quantum GIS},
  title = {{Quantum GIS Application (QGIS)}},
  organization = {Quantum GIS Team},
  howpublished = "\url{http://www.qgis.org/pt_BR/site/}",
  year = {2017}, 
  note = "[Online; accessed 06-Jun-2017]"
}

@misc{arcgis,
  author = {ArcGIS},
  title = {{ArcGIS Application}},
  organization = {Esri Team},
  howpublished = "\url{https://www.arcgis.com/features/index.html}",
  year = {2017}, 
  note = "[Online; accessed 06-Jun-2017]"
}


@article{ferreira2016temporal,
  title={Temporal GIS and spatiotemporal data sources},
  author={Ferreira, Karine Reis and de Oliveira, Andr{\'e} Gomes and Monteiro, Ant{\^o}nio Miguel Vieira and de Almeida, Diego Benincasa FC},
  journal={Revista Brasileira de Cartografia},
  volume={68},
  number={6},
  year={2016}
}